{"e":"depthUpdate","E":1709564385158,"s":"BNBBTC","U":3327736463,"u":3327736495,"b":[["0.00630900","0.00000000"],["0.00630400","1.41100000"],["0.00630200","0.05100000"],["0.00629500","93.21500000"],["0.00625100","3.97600000"],["0.00624900","0.29400000"],["0.00618600","1.67900000"]],"a":[["0.00630900","0.00000000"],["0.00631000","19.06800000"],["0.00631100","6.61000000"],["0.00631300","12.20200000"],["0.00631400","11.13300000"],["0.00632800","1.33400000"]]}
{"e":"depthUpdate","E":1709564386158,"s":"BNBBTC","U":3327736496,"u":3327736521,"b":[["0.00630800","4.82700000"],["0.00630700","0.11900000"],["0.00629500","106.29500000"]],"a":[["0.00630900","0.66700000"],["0.00631000","18.91700000"],["0.00631100","5.86400000"],["0.00631200","5.30000000"],["0.00631300","12.20200000"],["0.00631400","11.13300000"],["0.00631500","4.26800000"],["0.00632800","14.68800000"],["0.00635400","121.33200000"],["0.00635500","6.17800000"]]}
{"e":"depthUpdate","E":1709564387159,"s":"BNBBTC","U":3327736522,"u":3327736565,"b":[["0.00630800","5.76500000"],["0.00630700","0.11900000"],["0.00630200","0.00000000"],["0.00626800","15.14100000"],["0.00625200","201.92900000"],["0.00625100","0.45700000"]],"a":[["0.00630900","0.00000000"],["0.00631000","10.89900000"],["0.00631100","3.41100000"],["0.00631200","1.68300000"],["0.00631400","5.50100000"],["0.00631500","15.67900000"],["0.00633100","10.19200000"],["0.00635500","6.18800000"],["0.00695100","0.30700000"]]}
{"e":"depthUpdate","E":1709564388159,"s":"BNBBTC","U":3327736566,"u":3327736576,"b":[["0.00630800","5.98800000"],["0.00630700","0.00000000"],["0.00630400","4.41100000"],["0.00629500","93.21500000"]],"a":[["0.00631000","10.47600000"],["0.00631100","3.65900000"],["0.00631200","5.09400000"],["0.00632800","1.33400000"]]}
{"e":"depthUpdate","E":1709564389159,"s":"BNBBTC","U":3327736577,"u":3327736584,"b":[["0.00630800","5.88400000"],["0.00629500","106.29500000"],["0.00625500","10.58900000"],["0.00625200","198.38100000"]],"a":[["0.00631000","10.32600000"],["0.00632800","14.68800000"],["0.00635500","1.17400000"],["0.00635700","6.14900000"]]}
{"e":"depthUpdate","E":1709564390158,"s":"BNBBTC","U":3327736585,"u":3327736589,"b":[["0.00630800","5.98800000"]],"a":[["0.00631000","9.41900000"],["0.01893000","0.00000000"]]}
{"e":"depthUpdate","E":1709564391159,"s":"BNBBTC","U":3327736590,"u":3327736597,"b":[["0.00630800","5.88400000"],["0.00629500","93.21500000"],["0.00625500","10.61400000"]],"a":[["0.00631000","9.27000000"],["0.00632800","1.33400000"],["0.00635200","8.84100000"],["0.00635700","1.19100000"]]}
{"e":"depthUpdate","E":1709564392161,"s":"BNBBTC","U":3327736598,"u":3327736646,"b":[["0.00630800","0.10400000"],["0.00630700","0.11900000"],["0.00630400","1.41100000"],["0.00630200","0.05100000"],["0.00629500","106.29500000"]],"a":[["0.00630900","2.48600000"],["0.00631000","19.27700000"],["0.00631100","0.80200000"],["0.00631200","11.19300000"],["0.00631400","7.30600000"],["0.00631500","4.26800000"],["0.00632800","14.68800000"],["0.00906000","0.73500000"]]}
{"e":"depthUpdate","E":1709564393159,"s":"BNBBTC","U":3327736647,"u":3327736687,"b":[["0.00630800","4.77700000"],["0.00630700","0.00000000"],["0.00630600","2.46100000"],["0.00630400","4.41100000"],["0.00630100","6.36100000"],["0.00625500","7.08700000"],["0.00624800","6.09000000"]],"a":[["0.00630900","0.14800000"],["0.00631000","9.27000000"],["0.00631100","0.60700000"],["0.00631200","6.74000000"],["0.00631300","7.73900000"],["0.00631400","12.28700000"],["0.00631500","7.67900000"],["0.00635200","3.89000000"],["0.00635700","6.18600000"],["0.00885900","14.15700000"]]}
{"e":"depthUpdate","E":1709564394159,"s":"BNBBTC","U":3327736688,"u":3327736720,"b":[["0.00630800","5.00100000"],["0.00630600","9.05800000"],["0.00630200","0.00000000"],["0.00630100","0.00000000"],["0.00629500","93.21500000"]],"a":[["0.00630900","0.00000000"],["0.00631100","0.00000000"],["0.00631200","1.68300000"],["0.00631300","10.94800000"],["0.00631400","2.11400000"],["0.00631500","7.87900000"],["0.00631600","17.55000000"],["0.00632800","1.33400000"],["0.00635400","126.31700000"],["0.00635700","1.19100000"]]}
{"e":"depthUpdate","E":1709564395159,"s":"BNBBTC","U":3327736721,"u":3327736732,"b":[["0.00630500","5.90400000"],["0.00629900","15.18400000"],["0.00626800","3.42200000"],["0.00624800","2.55900000"],["0.00618200","12.06000000"]],"a":[["0.00631000","0.00000000"],["0.00631200","5.65000000"],["0.00633200","15.39000000"]]}
{"e":"depthUpdate","E":1709564396159,"s":"BNBBTC","U":3327736733,"u":3327736761,"b":[["0.00631000","10.16600000"],["0.00630900","6.61600000"],["0.00630800","1.14800000"],["0.00630600","1.41800000"],["0.00630000","398.94400000"],["0.00629500","11.73100000"]],"a":[["0.00631200","5.02000000"],["0.00631300","12.94400000"],["0.00631400","2.11400000"],["0.00631600","17.55000000"],["0.00631700","1.05900000"],["0.00635400","121.33200000"],["0.00635600","12.22200000"],["0.00645200","3.75100000"]]}
{"e":"depthUpdate","E":1709564397159,"s":"BNBBTC","U":3327736762,"u":3327736785,"b":[["0.00631000","10.27000000"],["0.00630900","6.51200000"],["0.00629900","2.10900000"],["0.00627900","4.15300000"],["0.00627500","0.13400000"],["0.00626800","3.42200000"]],"a":[["0.00631200","5.79500000"],["0.00631300","10.94800000"],["0.00631400","4.79500000"],["0.00631600","9.55000000"],["0.00631700","9.05900000"],["0.00632100","82.41700000"],["0.00633100","10.19200000"],["0.00633200","1.94900000"]]}
{"e":"depthUpdate","E":1709564398159,"s":"BNBBTC","U":3327736786,"u":3327736806,"b":[["0.00631000","5.41300000"],["0.00629900","15.18400000"],["0.00627900","0.61800000"],["0.00627300","3.61000000"]],"a":[["0.00631100","1.06900000"],["0.00631200","8.38500000"],["0.00631300","7.53700000"],["0.00631600","17.55000000"],["0.00631700","1.05900000"],["0.00633200","15.39000000"],["0.00635600","12.21100000"],["0.00651600","2.29300000"]]}
{"e":"depthUpdate","E":1709564399159,"s":"BNBBTC","U":3327736807,"u":3327736829,"b":[["0.00631000","5.39800000"],["0.00630800","2.72800000"],["0.00625100","3.99600000"]],"a":[["0.00631100","0.15000000"],["0.00631200","11.15800000"],["0.00631300","10.94800000"],["0.00631600","17.55000000"],["0.00649900","4.13600000"]]}
{"e":"depthUpdate","E":1709564400159,"s":"BNBBTC","U":3327736830,"u":3327736866,"b":[["0.00631000","5.41300000"],["0.00630700","3.00000000"],["0.00630400","1.41100000"],["0.00629900","2.10900000"],["0.00625300","4.25900000"],["0.00625100","0.45700000"]],"a":[["0.00631100","0.00000000"],["0.00631200","3.14500000"],["0.00631300","2.79000000"],["0.00631400","5.52500000"],["0.00631600","8.78300000"],["0.00631700","0.68400000"],["0.00631800","4.00000000"],["0.00633200","1.94900000"],["0.00635200","8.88100000"],["0.00635600","7.22300000"],["0.01893300","0.00000000"]]}
{"e":"depthUpdate","E":1709564401162,"s":"BNBBTC","U":3327736867,"u":3327736918,"b":[["0.00631200","5.61700000"],["0.00631100","1.71200000"],["0.00631000","1.04200000"],["0.00630800","1.68500000"],["0.00630500","3.42500000"],["0.00630200","2.58400000"],["0.00630100","11.68400000"],["0.00629500","0.04700000"]],"a":[["0.00631200","0.00000000"],["0.00631300","0.00000000"],["0.00631400","11.43300000"],["0.00631500","0.00000000"],["0.00631600","12.19400000"],["0.00631700","0.00000000"],["0.00631800","3.41100000"],["0.00631900","16.43800000"],["0.00632000","24.17200000"],["0.00632300","6.72100000"],["0.00632400","5.08000000"],["0.00632700","88.46300000"],["0.00632800","7.42600000"],["0.00632900","6.06500000"]]}
{"e":"depthUpdate","E":1709564402162,"s":"BNBBTC","U":3327736919,"u":3327736941,"b":[["0.00631200","5.51300000"],["0.00629900","15.18400000"],["0.00625300","4.24000000"]],"a":[["0.00631400","5.52800000"],["0.00631500","6.17100000"],["0.00631600","8.78300000"],["0.00631700","4.29600000"],["0.00631800","3.41100000"],["0.00631900","9.38300000"],["0.00632000","24.17200000"],["0.00633200","15.39000000"]]}
{"e":"depthUpdate","E":1709564403161,"s":"BNBBTC","U":3327736942,"u":3327736981,"b":[["0.00631200","2.61600000"],["0.00631100","0.00000000"],["0.00631000","0.00000000"],["0.00630500","1.77800000"],["0.00630200","0.00000000"],["0.00629900","2.10900000"],["0.00617700","2.69100000"]],"a":[["0.00631300","4.25700000"],["0.00631400","10.35200000"],["0.00631500","6.17100000"],["0.00631600","8.98900000"],["0.00631800","6.00000000"],["0.00631900","1.19000000"],["0.00633200","1.94900000"],["0.00635200","3.89000000"],["0.00635300","6.21500000"],["0.00914600","0.00000000"]]}
{"e":"depthUpdate","E":1709564404162,"s":"BNBBTC","U":3327736982,"u":3327737009,"b":[["0.00631200","0.00000000"],["0.00631000","6.32200000"],["0.00630100","11.68400000"],["0.00625300","0.71100000"],["0.00625000","13.34600000"]],"a":[["0.00631100","4.35900000"],["0.00631200","2.27600000"],["0.00631300","5.78500000"],["0.00631400","2.11800000"],["0.00631700","12.29600000"],["0.00631800","0.00000000"],["0.00635300","1.24000000"],["0.00635600","12.25200000"],["0.00915400","6.59300000"]]}
{"e":"depthUpdate","E":1709564405161,"s":"BNBBTC","U":3327737010,"u":3327737075,"b":[["0.00631000","6.30100000"],["0.00630700","0.00000000"],["0.00630600","4.41800000"],["0.00629900","15.18400000"]],"a":[["0.00631100","4.50700000"],["0.00631200","0.00000000"],["0.00631300","3.29900000"],["0.00631400","5.73500000"],["0.00631500","6.17100000"],["0.00631600","8.78300000"],["0.00631700","3.68200000"],["0.00631800","0.00000000"],["0.00632000","31.60300000"],["0.00633200","15.39000000"]]}
{"e":"depthUpdate","E":1709564406162,"s":"BNBBTC","U":3327737076,"u":3327737128,"b":[["0.00631000","2.16400000"],["0.00629900","2.10900000"],["0.00625000","9.80900000"],["0.00624800","6.05300000"],["0.00576100","7.53800000"]],"a":[["0.00631100","0.00000000"],["0.00631200","5.44100000"],["0.00631300","6.29300000"],["0.00631400","6.12100000"],["0.00631500","6.17100000"],["0.00631700","3.72800000"],["0.00631800","8.00000000"],["0.00633200","1.94900000"],["0.00635600","12.16900000"],["0.00717400","0.24900000"],["0.00742200","0.29800000"],["0.00767000","0.11700000"]]}
{"e":"depthUpdate","E":1709564407160,"s":"BNBBTC","U":3327737129,"u":3327737165,"b":[["0.00631000","2.26900000"],["0.00626800","3.42200000"]],"a":[["0.00631100","0.00000000"],["0.00631200","6.42600000"],["0.00631300","6.29300000"],["0.00631400","9.12600000"],["0.00631500","8.06700000"],["0.00631600","10.78300000"],["0.00631700","3.52200000"],["0.00631800","0.68600000"],["0.00633100","10.19200000"],["0.00716700","5.88600000"],["0.00741500","24.46400000"]]}
{"e":"depthUpdate","E":1709564408159,"s":"BNBBTC","U":3327737166,"u":3327737215,"b":[["0.00631000","2.16400000"],["0.00625000","13.30200000"],["0.00624800","2.55900000"],["0.00574800","0.04900000"]],"a":[["0.00631200","4.68000000"],["0.00631300","6.29300000"],["0.00631400","9.12600000"],["0.00631600","8.78300000"],["0.00631700","11.52200000"],["0.00631800","0.00000000"],["0.00635500","6.17100000"],["0.00635600","7.22300000"],["0.00766300","0.15700000"]]}
{"e":"depthUpdate","E":1709564409159,"s":"BNBBTC","U":3327737216,"u":3327737223,"b":[["0.00631000","2.26900000"],["0.00630500","1.79600000"]],"a":[["0.00631200","4.73100000"],["0.00631300","2.88200000"],["0.00631400","12.53700000"],["0.00631600","10.95600000"]]}
{"e":"depthUpdate","E":1709564410160,"s":"BNBBTC","U":3327737224,"u":3327737255,"b":[["0.00631000","2.16400000"],["0.00630200","2.58300000"],["0.00625000","9.80900000"],["0.00624500","8.21700000"]],"a":[["0.00631200","3.31800000"],["0.00631300","1.49100000"],["0.00631400","8.43200000"],["0.00631500","6.17100000"],["0.00631700","1.88600000"],["0.00631800","11.41100000"],["0.00631900","5.78900000"],["0.00632000","24.17200000"],["0.00635400","126.32600000"],["0.00635500","1.17400000"],["0.01893600","0.00900000"]]}
{"e":"depthUpdate","E":1709564411163,"s":"BNBBTC","U":3327737256,"u":3327737276,"b":[["0.00631000","2.14800000"],["0.00630700","2.47900000"],["0.00630200","0.00000000"],["0.00629900","15.18400000"]],"a":[["0.00631200","0.00000000"],["0.00631300","5.65100000"],["0.00631400","6.12100000"],["0.00631500","1.79900000"],["0.00631600","12.19400000"],["0.00631700","1.68200000"],["0.00631800","7.38400000"],["0.00631900","10.80500000"],["0.00633200","15.39000000"]]}
{"e":"depthUpdate","E":1709564412161,"s":"BNBBTC","U":3327737277,"u":3327737298,"b":[["0.00630900","9.51200000"],["0.00630600","1.41800000"],["0.00629900","2.10900000"],["0.00624500","4.71600000"]],"a":[["0.00631300","3.22600000"],["0.00631400","6.12100000"],["0.00631500","0.76200000"],["0.00631600","12.19400000"],["0.00631700","3.94100000"],["0.00631900","4.20600000"],["0.00633200","1.94900000"]]}
{"e":"depthUpdate","E":1709564413160,"s":"BNBBTC","U":3327737299,"u":3327737312,"b":[],"a":[["0.00631300","1.78700000"],["0.00631500","2.40200000"],["0.00631800","3.41100000"],["0.00631900","8.20600000"],["0.00632000","29.43700000"],["0.00635400","121.33200000"],["0.00635700","6.16600000"]]}
{"e":"depthUpdate","E":1709564414160,"s":"BNBBTC","U":3327737313,"u":3327737339,"b":[["0.00629900","15.18400000"]],"a":[["0.00631300","0.00000000"],["0.00631400","10.05700000"],["0.00631500","1.01200000"],["0.00631600","8.78300000"],["0.00631700","7.35200000"],["0.00631900","22.96500000"],["0.00632000","14.67800000"],["0.00632100","83.31000000"],["0.00633200","15.39000000"]]}
{"e":"depthUpdate","E":1709564415162,"s":"BNBBTC","U":3327737340,"u":3327737386,"b":[["0.00631000","3.84900000"],["0.00630900","6.51200000"],["0.00630700","5.47900000"],["0.00630200","0.00000000"],["0.00629900","2.10900000"],["0.00593100","0.14400000"]],"a":[["0.00631200","4.82200000"],["0.00631300","2.12200000"],["0.00631400","10.00800000"],["0.00631500","2.51400000"],["0.00631600","8.78300000"],["0.00631700","4.14600000"],["0.00631800","9.41100000"],["0.00631900","0.00000000"],["0.00632000","24.17200000"],["0.00633200","1.94900000"]]}
{"e":"depthUpdate","E":1709564416160,"s":"BNBBTC","U":3327737387,"u":3327737404,"b":[["0.00631000","3.74500000"],["0.00629900","15.18400000"],["0.00624900","3.82800000"]],"a":[["0.00631200","4.94400000"],["0.00631300","0.56000000"],["0.00631400","8.26300000"],["0.00631500","5.92500000"],["0.00633200","15.39000000"],["0.00635400","126.34600000"],["0.00635700","1.19100000"]]}
{"e":"depthUpdate","E":1709564417161,"s":"BNBBTC","U":3327737405,"u":3327737439,"b":[["0.00631000","4.01900000"],["0.00626800","3.42200000"]],"a":[["0.00631200","0.00000000"],["0.00631400","3.73900000"],["0.00631500","1.59200000"],["0.00631600","12.19400000"],["0.00631800","3.41100000"],["0.00631900","2.00000000"],["0.00632000","29.17300000"],["0.00633100","10.19200000"],["0.00635400","126.33800000"]]}
{"e":"depthUpdate","E":1709564418160,"s":"BNBBTC","U":3327737440,"u":3327737453,"b":[["0.00631200","5.17600000"],["0.00631100","6.45600000"],["0.00631000","1.97500000"],["0.00630900","0.00000000"],["0.00629900","2.10900000"],["0.00624900","0.29400000"]],"a":[["0.00631300","0.71100000"],["0.00631500","7.54700000"],["0.00631900","4.28400000"],["0.00632000","37.17300000"],["0.00633200","1.94900000"]]}
{"e":"depthUpdate","E":1709564419160,"s":"BNBBTC","U":3327737454,"u":3327737484,"b":[["0.00631200","5.28100000"],["0.00631000","4.97500000"],["0.00630700","2.47900000"],["0.00630400","82.89500000"],["0.00630000","398.94400000"],["0.00629900","15.18400000"],["0.00629400","0.00000000"]],"a":[["0.00631300","0.00000000"],["0.00631400","3.88800000"],["0.00631500","6.53500000"],["0.00631600","8.16200000"],["0.00631700","7.35200000"],["0.00631900","4.55500000"],["0.00632000","5.41300000"],["0.00632100","1.82600000"],["0.00632200","5.16000000"],["0.00632500","7.13100000"],["0.00632600","22.77900000"],["0.00632900","87.54900000"],["0.00633200","15.39000000"]]}
{"e":"depthUpdate","E":1709564420160,"s":"BNBBTC","U":3327737485,"u":3327737525,"b":[["0.00631200","5.17600000"],["0.00627700","4.84900000"],["0.00627300","0.10300000"]],"a":[["0.00631400","3.73900000"],["0.00631500","8.57100000"],["0.00631600","11.57300000"],["0.00631700","4.35800000"],["0.00631800","3.41100000"],["0.00632000","9.41300000"],["0.00632100","1.82600000"],["0.00635400","121.33200000"],["0.00635500","6.13000000"],["0.01894200","0.00000000"]]}
{"e":"depthUpdate","E":1709564421160,"s":"BNBBTC","U":3327737526,"u":3327737560,"b":[["0.00631200","5.28100000"],["0.00631000","4.87000000"],["0.00629900","2.10900000"],["0.00625800","3.57400000"]],"a":[["0.00631400","5.72900000"],["0.00631500","11.98200000"],["0.00631600","8.36400000"],["0.00631900","8.00000000"],["0.00632000","1.41300000"],["0.00632300","13.07200000"],["0.00633200","1.94900000"]]}
{"e":"depthUpdate","E":1709564422162,"s":"BNBBTC","U":3327737561,"u":3327737656,"b":[["0.00631400","5.67300000"],["0.00631300","3.10400000"],["0.00631200","0.10500000"],["0.00631000","1.87000000"],["0.00630100","17.77600000"],["0.00629900","15.18400000"],["0.00629600","0.03800000"],["0.00628900","477.10600000"],["0.00628700","1.18800000"],["0.00625800","0.06400000"]],"a":[["0.00631400","0.00000000"],["0.00631500","0.00000000"],["0.00631600","3.54400000"],["0.00631700","7.44500000"],["0.00631800","5.42800000"],["0.00631900","6.68000000"],["0.00632000","3.24400000"],["0.00632100","13.30700000"],["0.00632500","0.07400000"],["0.00632600","22.77900000"],["0.00633200","15.39000000"]]}
{"e":"depthUpdate","E":1709564423163,"s":"BNBBTC","U":3327737657,"u":3327737720,"b":[["0.00631600","5.28000000"],["0.00631500","0.54000000"],["0.00631400","0.00000000"],["0.00631200","0.87200000"],["0.00631000","4.34900000"],["0.00630800","0.00000000"],["0.00630700","0.00000000"],["0.00630400","82.12800000"],["0.00629700","12.52000000"],["0.00629100","478.70800000"],["0.00629000","6.03100000"],["0.00628900","0.08300000"],["0.00627700","1.32700000"],["0.00627100","558.62300000"],["0.00626700","0.77200000"]],"a":[["0.00631600","0.00000000"],["0.00631700","4.62500000"],["0.00631800","0.00000000"],["0.00631900","15.07800000"],["0.00632000","7.53400000"],["0.00632100","7.30700000"],["0.00632200","4.54400000"],["0.00632300","14.91700000"],["0.00635500","6.13400000"]]}
{"e":"depthUpdate","E":1709564424162,"s":"BNBBTC","U":3327737721,"u":3327737739,"b":[["0.00631600","4.51200000"],["0.00631400","1.69200000"],["0.00629900","0.00000000"],["0.00628700","4.71600000"]],"a":[["0.00631700","4.64300000"],["0.00632100","3.89600000"],["0.00632200","4.54400000"],["0.00632300","14.91700000"],["0.00632400","8.49100000"],["0.00633200","1.94900000"]]}
{"e":"depthUpdate","E":1709564425160,"s":"BNBBTC","U":3327737740,"u":3327737768,"b":[["0.00631600","4.61600000"],["0.00630000","412.01800000"],["0.00626100","3.86700000"]],"a":[["0.00631700","4.49300000"],["0.00631800","0.50800000"],["0.00632000","7.53400000"],["0.00632100","1.82600000"],["0.00632200","12.54400000"],["0.00632300","6.91700000"],["0.00632600","31.35200000"],["0.00632900","82.84400000"],["0.00633300","19.33000000"],["0.00635500","1.17400000"],["0.00635700","6.21100000"]]}
{"e":"depthUpdate","E":1709564426164,"s":"BNBBTC","U":3327737769,"u":3327737826,"b":[["0.00631600","7.51200000"],["0.00631300","0.10400000"],["0.00629200","3.73400000"],["0.00629100","1.83600000"],["0.00628700","1.18800000"],["0.00626400","3.80100000"]],"a":[["0.00631700","0.00000000"],["0.00631800","0.00000000"],["0.00631900","0.00000000"],["0.00632000","0.00000000"],["0.00632100","1.82600000"],["0.00632200","3.72400000"],["0.00632300","8.98700000"],["0.00632400","8.49100000"],["0.00632700","81.48400000"],["0.00632800","1.33400000"],["0.00633100","17.17100000"]]}
{"e":"depthUpdate","E":1709564427162,"s":"BNBBTC","U":3327737827,"u":3327737940,"b":[["0.00632000","6.32400000"],["0.00631900","0.00000000"],["0.00631800","0.76700000"],["0.00631700","9.29700000"],["0.00631600","3.00000000"],["0.00631300","1.40000000"],["0.00631200","0.10500000"],["0.00631100","0.00000000"],["0.00631000","81.65300000"],["0.00630800","4.70500000"],["0.00630500","1.81600000"],["0.00630400","82.12800000"],["0.00630300","0.24000000"],["0.00630100","13.07100000"],["0.00630000","317.75900000"],["0.00629600","476.53100000"],["0.00629400","0.46800000"],["0.00627700","121.62300000"],["0.00627500","557.90300000"],["0.00627100","0.49800000"],["0.00626800","3.42200000"],["0.00625900","0.31900000"]],"a":[["0.00632100","0.00000000"],["0.00632200","0.00000000"],["0.00632300","10.56200000"],["0.00632400","0.08000000"],["0.00632500","3.61000000"],["0.00632600","5.12900000"],["0.00632700","3.41100000"],["0.00632800","34.78000000"],["0.00632900","81.53900000"],["0.00633100","10.05200000"],["0.00633200","0.93800000"],["0.00633300","1.13400000"],["0.00633500","81.84500000"],["0.00633700","4.95800000"],["0.00637500","7.44100000"]]}
{"e":"depthUpdate","E":1709564428162,"s":"BNBBTC","U":3327737941,"u":3327737975,"b":[["0.00632000","6.21900000"],["0.00631900","1.68400000"],["0.00631400","0.00000000"],["0.00631300","1.29600000"],["0.00631200","0.00000000"],["0.00630300","13.31100000"],["0.00629200","0.22900000"],["0.00628600","0.50500000"],["0.00591200","4.13200000"]],"a":[["0.00632300","10.41100000"],["0.00632400","4.07100000"],["0.00632500","5.64200000"],["0.00632600","8.06000000"],["0.00632700","11.41100000"],["0.00632800","22.99500000"],["0.00633100","0.05200000"],["0.00633500","87.93700000"],["0.00633600","16.75200000"],["0.00633800","10.77200000"],["0.00634000","1.10100000"],["0.00635700","1.19100000"],["0.00637000","1.38300000"],["0.00637500","2.47000000"]]}
{"e":"depthUpdate","E":1709564429163,"s":"BNBBTC","U":3327737976,"u":3327738024,"b":[["0.00632100","3.10300000"],["0.00632000","5.84400000"],["0.00631900","0.00000000"],["0.00631700","6.19400000"],["0.00628700","3.28000000"]],"a":[["0.00632200","0.57100000"],["0.00632300","12.58600000"],["0.00632400","3.49100000"],["0.00632500","2.42400000"],["0.00632600","10.06000000"],["0.00632700","3.41100000"],["0.00632800","27.43900000"],["0.00636000","4.25200000"]]}
{"e":"depthUpdate","E":1709564430162,"s":"BNBBTC","U":3327738025,"u":3327738077,"b":[["0.00632200","4.52700000"],["0.00632100","3.10300000"],["0.00632000","1.06100000"],["0.00631900","3.00000000"],["0.00631800","2.42200000"],["0.00631600","0.00000000"],["0.00630300","0.24000000"],["0.00626900","3.38800000"],["0.00624200","4.86300000"]],"a":[["0.00632200","0.00000000"],["0.00632300","10.41100000"],["0.00632400","0.08000000"],["0.00632500","3.81900000"],["0.00632600","9.37200000"],["0.00632700","7.09400000"],["0.00632800","30.78800000"],["0.00633000","0.00000000"],["0.00633500","94.91600000"],["0.00633600","3.19200000"],["0.00637300","201.58600000"],["0.00639100","12.59200000"],["0.01896600","0.00000000"]]}
{"e":"depthUpdate","E":1709564431162,"s":"BNBBTC","U":3327738078,"u":3327738105,"b":[["0.00632100","0.00000000"],["0.00630900","6.97900000"],["0.00630300","13.31100000"],["0.00630100","6.09200000"]],"a":[["0.00632300","10.39100000"],["0.00632500","2.23100000"],["0.00632600","9.37200000"],["0.00632700","3.68300000"],["0.00632800","32.18300000"],["0.00633000","3.41100000"],["0.00633600","16.75200000"],["0.00636000","1.26200000"],["0.00640800","6.23800000"]]}
{"e":"depthUpdate","E":1709564432160,"s":"BNBBTC","U":3327738106,"u":3327738146,"b":[["0.00632200","4.52800000"],["0.00630800","10.79700000"],["0.00630500","4.30800000"],["0.00630300","13.48500000"],["0.00630100","0.00000000"],["0.00629700","10.02400000"],["0.00618200","0.17800000"]],"a":[["0.00632300","5.67600000"],["0.00632400","0.08000000"],["0.00632500","4.22500000"],["0.00632600","9.37200000"],["0.00632700","0.20300000"],["0.00632800","26.18300000"],["0.00633000","3.41100000"],["0.00636000","4.26000000"],["0.00640800","1.30000000"]]}
{"e":"depthUpdate","E":1709564433160,"s":"BNBBTC","U":3327738147,"u":3327738181,"b":[["0.00632300","3.48200000"],["0.00632200","4.14800000"],["0.00630300","0.41400000"],["0.00630000","324.33000000"],["0.00629800","476.34200000"],["0.00629600","0.03800000"],["0.00627800","18.39600000"]],"a":[["0.00632300","0.00000000"],["0.00632400","3.89600000"],["0.00632500","2.23100000"],["0.00632600","7.59900000"],["0.00632700","3.61400000"],["0.00632800","3.42400000"],["0.00632900","8.05500000"],["0.00633000","3.41100000"],["0.00633200","0.10000000"],["0.00633300","13.44900000"],["0.00633400","22.75900000"],["0.00633600","3.19200000"],["0.00633800","92.25600000"]]}
{"e":"depthUpdate","E":1709564434160,"s":"BNBBTC","U":3327738182,"u":3327738196,"b":[["0.00632300","2.69300000"],["0.00630300","13.48500000"]],"a":[["0.00632400","10.34200000"],["0.00632500","3.58000000"],["0.00632600","7.59900000"],["0.00632700","3.61400000"],["0.00632800","11.42400000"],["0.00632900","3.98500000"],["0.00633600","16.75200000"],["0.00636000","1.26200000"],["0.00640400","6.18200000"]]}
{"e":"depthUpdate","E":1709564435160,"s":"BNBBTC","U":3327738197,"u":3327738208,"b":[["0.00632300","0.00000000"],["0.00632200","4.52800000"]],"a":[["0.00632500","8.59700000"],["0.00632700","6.14400000"],["0.00632800","6.02900000"],["0.00633200","1.51800000"],["0.00636100","4.37600000"],["0.00640400","1.24000000"]]}
{"e":"depthUpdate","E":1709564436163,"s":"BNBBTC","U":3327738209,"u":3327738254,"b":[["0.00632000","2.76800000"],["0.00630300","0.41400000"]],"a":[["0.00632400","3.89600000"],["0.00632500","6.44000000"],["0.00632600","1.71800000"],["0.00632700","3.41100000"],["0.00632800","5.93300000"],["0.00632900","12.18500000"],["0.00633300","8.19300000"],["0.00633600","3.19200000"],["0.00636100","1.38000000"],["0.00640400","6.26900000"]]}
{"e":"depthUpdate","E":1709564437165,"s":"BNBBTC","U":3327738255,"u":3327738343,"b":[["0.00631800","4.13400000"],["0.00631400","81.48400000"],["0.00631300","4.70500000"],["0.00631000","81.69100000"],["0.00630800","6.09200000"],["0.00630700","0.02000000"],["0.00630400","10.64400000"],["0.00630000","800.53700000"],["0.00629900","0.02200000"],["0.00629800","0.00000000"],["0.00629700","0.02400000"],["0.00629400","0.48600000"],["0.00627900","558.03200000"],["0.00627500","0.13400000"]],"a":[["0.00632400","0.00000000"],["0.00632500","0.00000000"],["0.00632600","4.72200000"],["0.00632700","0.00000000"],["0.00632800","0.02900000"],["0.00632900","0.05500000"],["0.00633000","5.48100000"],["0.00633100","8.25700000"],["0.00633200","22.85900000"],["0.00633300","10.55700000"],["0.00633400","0.00000000"],["0.00633500","81.48400000"],["0.00633700","0.25300000"],["0.00633900","8.10400000"],["0.00634000","7.19300000"],["0.00634200","6.12400000"]]}
{"e":"depthUpdate","E":1709564438162,"s":"BNBBTC","U":3327738344,"u":3327738388,"b":[["0.00632200","8.11600000"],["0.00631900","0.00000000"],["0.00631800","8.18700000"],["0.00630500","17.41300000"],["0.00630200","476.03900000"],["0.00630000","324.34700000"],["0.00629400","0.50600000"],["0.00626800","3.42200000"]],"a":[["0.00632600","3.45300000"],["0.00632900","2.40900000"],["0.00633000","3.70600000"],["0.00633100","3.66800000"],["0.00633200","12.47800000"],["0.00633300","3.49800000"],["0.00633400","22.75900000"],["0.00633600","1.21400000"],["0.00633800","105.81300000"]]}
{"e":"depthUpdate","E":1709564439163,"s":"BNBBTC","U":3327738389,"u":3327738476,"b":[["0.00632700","3.98400000"],["0.00632600","0.00000000"],["0.00632500","0.76700000"],["0.00632200","0.00000000"],["0.00632100","6.12200000"],["0.00631800","2.95100000"],["0.00631700","0.00000000"],["0.00630500","4.30800000"],["0.00630400","486.53200000"],["0.00630200","0.00000000"],["0.00629900","0.05100000"],["0.00628300","558.96200000"],["0.00627900","0.61800000"]],"a":[["0.00632600","0.00000000"],["0.00632700","0.00000000"],["0.00632800","0.00000000"],["0.00632900","4.53100000"],["0.00633000","0.00000000"],["0.00633100","0.92400000"],["0.00633200","10.31800000"],["0.00633300","22.84600000"],["0.00633400","18.46900000"],["0.00633500","84.19800000"],["0.00633600","4.62500000"],["0.00633800","92.25600000"],["0.00633900","1.12500000"],["0.00634000","1.10100000"],["0.00634400","11.75300000"]]}
{"e":"depthUpdate","E":1709564440164,"s":"BNBBTC","U":3327738477,"u":3327738554,"b":[["0.00632400","0.00000000"],["0.00632200","1.69900000"],["0.00631800","0.00000000"],["0.00631200","13.13000000"],["0.00630100","0.02500000"],["0.00629400","0.53600000"],["0.00629200","0.08500000"],["0.00626400","5.71300000"],["0.00623200","9.64400000"]],"a":[["0.00632900","0.00000000"],["0.00633000","6.71500000"],["0.00633100","2.37400000"],["0.00633200","2.17000000"],["0.00633300","30.11500000"],["0.00633400","4.00000000"],["0.00633500","2.71400000"],["0.00633600","4.62500000"],["0.00634300","8.34100000"],["0.00634400","93.23700000"],["0.00634500","14.67100000"],["0.00635400","1.03600000"],["0.00636900","121.32100000"],["0.01898700","0.07900000"]]}
{"e":"depthUpdate","E":1709564441163,"s":"BNBBTC","U":3327738555,"u":3327738661,"b":[["0.00633000","0.00000000"],["0.00632700","0.00000000"],["0.00632600","3.10300000"],["0.00632500","4.10800000"],["0.00632400","0.00000000"],["0.00632300","0.76700000"],["0.00632200","1.69900000"],["0.00632000","1.06100000"],["0.00631300","10.79700000"],["0.00630800","0.00000000"],["0.00629400","0.57500000"],["0.00348100","1.69100000"],["0.00346600","0.04500000"]],"a":[["0.00632700","2.74500000"],["0.00632800","0.89000000"],["0.00632900","8.51600000"],["0.00633000","6.44600000"],["0.00633100","12.49800000"],["0.00633200","0.30500000"],["0.00633300","9.19600000"],["0.00633400","0.00000000"],["0.00633500","0.00000000"],["0.00633600","1.21400000"],["0.00633700","23.01200000"]]}
{"e":"depthUpdate","E":1709564442163,"s":"BNBBTC","U":3327738662,"u":3327738695,"b":[["0.00631200","0.00000000"],["0.00629000","5.71400000"],["0.00160000","4.88000000"]],"a":[["0.00632700","6.44600000"],["0.00632800","3.17500000"],["0.00632900","6.64900000"],["0.00633000","11.85700000"],["0.00633100","8.56800000"],["0.00633200","0.10000000"],["0.00634500","1.07500000"]]}
{"e":"depthUpdate","E":1709564443161,"s":"BNBBTC","U":3327738696,"u":3327738736,"b":[["0.00632600","0.00000000"],["0.00632500","3.10300000"],["0.00632400","0.32800000"],["0.00632300","4.07800000"],["0.00632200","0.00000000"],["0.00632100","8.54300000"],["0.00631900","3.00000000"],["0.00631800","2.47900000"],["0.00631500","2.33000000"],["0.00631200","13.13000000"]],"a":[["0.00632600","4.65200000"],["0.00632700","9.09100000"],["0.00632800","8.67100000"],["0.00632900","6.64900000"],["0.00633000","16.12700000"],["0.00633100","14.36800000"],["0.00633300","3.61200000"],["0.00633600","4.84100000"],["0.00634500","14.67100000"]]}
{"e":"depthUpdate","E":1709564444160,"s":"BNBBTC","U":3327738737,"u":3327738754,"b":[["0.00632400","0.00000000"],["0.00632100","6.88900000"],["0.00631600","0.74000000"],["0.00631500","2.27900000"]],"a":[["0.00632600","12.15400000"],["0.00632900","14.64900000"],["0.00633000","17.48000000"],["0.00633100","10.74100000"],["0.00633200","3.72700000"],["0.00633300","1.77200000"]]}
{"e":"depthUpdate","E":1709564445164,"s":"BNBBTC","U":3327738755,"u":3327738810,"b":[["0.00632500","0.00000000"],["0.00632300","0.00000000"],["0.00632200","0.96700000"],["0.00632100","7.08900000"],["0.00631900","3.00000000"],["0.00631200","0.00000000"],["0.00630400","10.64400000"],["0.00629700","476.44100000"]],"a":[["0.00632300","2.53300000"],["0.00632400","8.26500000"],["0.00632500","3.58400000"],["0.00632600","11.30700000"],["0.00632700","17.29000000"],["0.00632800","12.29800000"],["0.00632900","9.28300000"],["0.00633000","15.48100000"],["0.00633100","8.67100000"],["0.00633600","1.21400000"],["0.00634500","1.07500000"],["0.00636100","4.35000000"],["0.00640400","1.24000000"]]}
{"e":"depthUpdate","E":1709564446163,"s":"BNBBTC","U":3327738811,"u":3327738873,"b":[["0.00632200","0.00000000"],["0.00632100","4.48300000"],["0.00632000","2.02800000"],["0.00631900","0.00000000"],["0.00631800","5.45900000"],["0.00631500","0.54000000"],["0.00631400","0.99400000"],["0.00631300","0.00000000"],["0.00631200","13.13000000"],["0.00630800","4.70500000"],["0.00630500","85.79200000"],["0.00628400","12.27100000"],["0.00627800","6.69600000"],["0.00160000","4.68000000"]],"a":[["0.00632200","12.96700000"],["0.00632300","9.15100000"],["0.00632400","6.44600000"],["0.00632500","11.22700000"],["0.00632600","9.47200000"],["0.00632700","12.71800000"],["0.00632800","33.12400000"],["0.00633000","3.30900000"],["0.00633100","81.53600000"],["0.00633300","0.08700000"],["0.00633700","4.95800000"],["0.00633800","92.25600000"],["0.00634200","1.41900000"],["0.00634400","11.75300000"],["0.00634500","14.67100000"]]}
{"e":"depthUpdate","E":1709564447161,"s":"BNBBTC","U":3327738874,"u":3327738904,"b":[["0.00632100","0.00000000"],["0.00631900","5.39300000"],["0.00631800","0.76700000"],["0.00631600","5.37300000"],["0.00631400","6.30800000"],["0.00631300","0.99700000"],["0.00628700","1.18800000"],["0.00628300","1.90300000"],["0.00627400","557.95800000"],["0.00621700","4.46700000"],["0.00160000","4.88000000"]],"a":[["0.00632100","6.44600000"],["0.00632200","10.17100000"],["0.00632300","14.15100000"],["0.00632400","14.44600000"],["0.00632500","9.85100000"],["0.00632600","13.09900000"],["0.00632700","9.09100000"],["0.00632800","7.60600000"],["0.00632900","2.83700000"],["0.00633000","26.06800000"]]}
{"e":"depthUpdate","E":1709564448160,"s":"BNBBTC","U":3327738905,"u":3327738936,"b":[["0.00632100","4.31100000"],["0.00631900","0.96700000"],["0.00631300","0.00000000"],["0.00631200","0.00000000"],["0.00631100","0.99100000"],["0.00628300","1.92400000"],["0.00626800","3.40100000"]],"a":[["0.00632100","0.00000000"],["0.00632200","3.21400000"],["0.00632300","12.13800000"],["0.00632400","8.69300000"],["0.00632500","9.85100000"],["0.00632600","11.47200000"],["0.00632700","10.70400000"],["0.00632800","3.97900000"],["0.00633100","81.51500000"],["0.00634500","1.07500000"],["0.00634600","7.56400000"]]}
{"e":"depthUpdate","E":1709564449160,"s":"BNBBTC","U":3327738937,"u":3327738955,"b":[["0.00632100","4.64100000"],["0.00631900","3.96700000"],["0.00631600","2.37300000"],["0.00631500","1.53500000"],["0.00630900","20.10800000"]],"a":[["0.00632200","0.00000000"],["0.00632300","5.00000000"],["0.00632600","11.15600000"],["0.00632700","16.91700000"],["0.00632800","7.60600000"],["0.00633000","24.38700000"],["0.00634200","14.98400000"]]}
